<?xml version="1.0" encoding="UTF-8"?><collection xmlns="http://www.loc.gov/MARC21/slim"><record><leader>00538nam--2200121-i-4500</leader><controlfield tag="001">000020116</controlfield><controlfield tag="002">20161230</controlfield><controlfield tag="005">20161230201033</controlfield><controlfield tag="008">060222s1000------------r-----000-0-eng-d</controlfield><datafield ind1=" " ind2=" " tag="080"><subfield code="a">621.012:692.533.15(061.3)</subfield></datafield><datafield ind1=" " ind2=" " tag="245"><subfield code="a">Conferinta a xi a de betoane .noi tipuri de structuri din beton armat pentru constructii civile si industriale.probleme generale privind proiectarea structurilor din beton armat, prin prisma noilor reglementari de calcul si alcatuire, inclusiv aspecte</subfield></datafield><datafield ind1=" " ind2=" " tag="260"><subfield code="a">Timisoara, Cnit-comisia De Betoane, 1982</subfield></datafield><datafield ind1=" " ind2=" " tag="852"><subfield code="a">71420</subfield></datafield></record></collection>